@book{phoible,
  address   = {Leipzig},
  editor    = {Steven Moran and Daniel McCloy and Richard Wright},
  publisher = {Max Planck Institute for Evolutionary Anthropology},
  title     = {PHOIBLE Online},
  url       = {https://phoible.org/},
  year      = {2014}
}

@incollection{rosenbach03,
  title={Aspects of iconicity and economy in the choice between the \textit{s-}genitive and the \textit{of-}genitive in {E}nglish},
  author={Rosenbach, Anette},
  booktitle={Determinants of grammatical variation in English},
  editor={G\"unter Rohdenburg and Britta Mondorf},
  year={2003},
  publisher={Mouton de Gruyter},
  address={Berlin, New York}
}
